\nocite{*}
\bibliographystyle{plain}



@book{zisler2018computer,
  title={Computer-Netzwerke: Grundlagen, Funktionsweise, Anwendung},
  author={Zisler, Harald},
  year={2018},
  publisher={Rheinwerk Verlag GmbH}
}

@article{isi-vpn,
	title = {Virtuelles Privates Netz (ISi-VPN)},
	author = {Bundesamt für Sicherheit in der Informationstechnik},
	year={2009},
	publisher={Bundesamt für Sicherheit in der Informationstechnik}

}

@article{isi-client,
	title = {Absicherung eines PC-Clients (ISi-Client),BSI-Studie zur Internet-Sicherheit (ISi-S)},
	author = {Bundesamt für Sicherheit in der Informationstechnik},
	year={2011},
	publisher={Bundesamt für Sicherheit in der Informationstechnik}

}

@article{isi-server,
	title = {Absicherung eines Servers (ISi-Server),BSI-Studie zur Internet-Sicherheit (ISi-S)},
	author = {Bundesamt für Sicherheit in der Informationstechnik},
	year={2013},
	publisher={Bundesamt für Sicherheit in der Informationstechnik}

}

@MISC{bsiLogSeg,
	title={M 5.62 Geeignete logische Segmentierung},
	author= {Bundesamt für Sicherheit in der Informationstechnik},
	publisher={Bundesamt für Sicherheit in der Informationstechnik}
	HOWPUBLISHED = "Website",
  	NOTE         = "Online erhältlich unter
                  \url{https://www.bsi.bund.de/DE/Themen/ITGrundschutz/ITGrundschutzKataloge/Inhalt/_content/m/m05/m05062.html};
                  abgerufen am 5. November 2018."
	
}

@Inbook{Portmann2018,
author="Portmann, Armand
and Hirschi, Oliver",
editor="Birrer, Thomas K.
and Rupp, Markus
and Spillmann, Martin",
title="Cybersecurity in Schweizer Unternehmen",
bookTitle="Corporate Treasury Management: Konzepte f{\"u}r die Unternehmenspraxis",
year="2018",
publisher="Springer Fachmedien Wiesbaden",
address="Wiesbaden",
pages="456--473",
abstract="Es gen{\"u}gt heute beim Treasury Management in den Unternehmen nicht mehr, nur die finanziellen und unternehmerischen Risiken zu betrachten und durch geeignete Massnahmen zu mitigieren. Vielmehr m{\"u}ssen auch die bearbeiteten Daten und Informationen einen angemessenen Schutz erhalten. Gerade im Finanzbereich ist die Durchdringung von IT und Gesch{\"a}ftsprozessen {\"a}usserst hoch -- Finanzgesch{\"a}fte werden fast ausschliesslich digital abgewickelt.",
isbn="978-3-658-18567-1",
doi="10.1007/978-3-658-18567-1_20",
url="https://doi.org/10.1007/978-3-658-18567-1_20"
}

@Inbook{ref1,
editor="Lassmann, Wolfgang",
title="IT-Sicherheit",
bookTitle="Wirtschaftsinformatik: Nachschlagewerk f{\"u}r Studium und Praxis",
year="2006",
publisher="Gabler",
address="Wiesbaden",
pages="349--408",
abstract="Die Funktionsf{\"a}higkeit der Informationssysteme bestimmt in einem hohen Ma{\ss}e das t{\"a}gliche Leben. Das Versagen von Systemen oder der Verlust von Daten kann weit reichende Folgen haben, vom Aufwand der Neuerfassung von Daten {\"u}ber den totalen Produktionsausfall bis zu lebensbedrohlichen Situationen z. B. in Krankenh{\"a}usern. Eine weitere Gef{\"a}hrdung stellt die zunehmende Industriespionage dar, die einen hohen wirtschaftlichen Schaden verursachen kann. Der Aspekt der Sicherheit der Informationsverarbeitung hat deshalb einen besonderen Stellenwert. Die Schaffung geeigneter Schutzma{\ss}nahmen wird jedoch in vielen Unternehmen und Institutionen vernachl{\"a}ssigt.",
isbn="978-3-8349-9152-2",
doi="10.1007/978-3-8349-9152-2_9",
url="https://doi.org/10.1007/978-3-8349-9152-2_9"
}

@book{lipp2007vpn,
  booktitle={VPN-virtuelle private Netzwerke: Aufbau und Sicherheit},
  author={Lipp, Manfred},
  year={2007},
  publisher={Addison-Wesley}
}

@book{hubertz2013,
  booktitle={Netzwerk mit Schutzmaßnahmen},
  author={Hubertz, Johannes},
  year={2013},
  publisher={Lehmanns Media Berlin}
}

@incollection{merschbacher2018poller,
  author={Merschbacher, Adam},
  booktitle={Sicherheitsfibel},
  year={2018},
  publisher={Springer}
}

@Article{Brockmann2018,
author="Brockmann, Hans-Christian",
title="Effizientes und verantwortungsvolles Datenmanagement im Zeitalter der DSGVO",
journal="Datenschutz und Datensicherheit - DuD",
year="2018",
month="Oct",
day="01",
volume="42",
number="10",
pages="634--639",
abstract="Die DSGVO ist nicht nur rechtlich eine Herausforderung. Sie stellt Unternehmen vor allem auch technisch und organisatorisch-kulturell auf die Probe. Bestehende Datenmanagementans{\"a}tze scheitern, wenn es darum geht, die kommenden Regulationen kosteneffizient, transparent und rechtskonform in die IT-Landschaft zu integrieren. Ein semantisches Datenmanagement auf Metadatenebene schafft Compliance, ohne das Kerngesch{\"a}ft und den IT-Betrieb im Unternehmen zu belasten.",
issn="1862-2607",
doi="10.1007/s11623-018-1015-0",
url="https://doi.org/10.1007/s11623-018-1015-0"
}


@Article{Henseler-Unger2018,
author="Henseler-Unger, Iris
and Hillebrand, Annette",
title="Aktuelle Lage der IT-Sicherheit in KMU",
journal="Datenschutz und Datensicherheit - DuD",
year="2018",
month="Nov",
day="01",
volume="42",
number="11",
pages="686--690",
abstract="Kleine und mittlere Unternehmen stehen vor der Herausforderung, bei zunehmender Digitalisierung auch die Befassung mit den Themen IT-Sicherheit und den Datenschutz zu intensivieren. Trotz einer hohen Risikowahrnehmung ist die Bereitschaft, eine IT-Sicherheitsanalyse durchzuf{\"u}hren und geeignete Ma{\ss}nahmen zu ergreifen, immer noch gering. Dies zeigt ein Vergleich von WIK-Repr{\"a}sentativerhebungen 2011/12 und 2017. Was kann man tun, um nachhaltige Ver{\"a}nderungen zu bewirken?",
issn="1862-2607",
doi="10.1007/s11623-018-1025-y",
url="https://doi.org/10.1007/s11623-018-1025-y"
}


@Article{Broadnax2017,
author="Broadnax, Brandon
and Mechler, Jeremias
and M{\"u}ller-Quade, J{\"o}rn
and Nagel, Matthias
and Rill, Jochen",
title="Sicherheit relativ definieren",
journal="Datenschutz und Datensicherheit - DuD",
year="2017",
month="Jan",
day="01",
volume="41",
number="1",
pages="24--28",
abstract="In der modernen Kryptographie wird „Sicherheit`` mathematisch definiert. Einer der etablierten Ans{\"a}tze, Sicherheit zu definieren, ist die „Simulationsbasierte Sicherheit``, bei der Sicherheit keine absolute Gr{\"o}{\ss}e ist, sondern durch Vergleich mit fiktionalen, ideal sicheren kryptographischen Protokollen definiert wird. Dieser Artikel stellt neue Entwicklungen vor.",
issn="1862-2607",
doi="10.1007/s11623-017-0720-4",
url="https://doi.org/10.1007/s11623-017-0720-4"
}


	
